@book{Blockchain_guida_allecosistema,
  title={Blockchain, guida all'ecosistema},
  author={Nicola Attico},
  isbn={9788868962180},
  lccn={85019994},
  year={2018},
  publisher={Guerini Next}
}

@book{Blockchain_tecnologia_e_applicazioni_per_il_business,
  title={Blockchain, tecnologia e applicazioni per il business},
  author={Gianluca Chiap, Jacopo Ranalli, Raffaele Bianchi},
  isbn={9788820389253},
  lccn={85019994},
  year={2019},
  publisher={Hoepli}
}

@book{La_quarta_rivoluzione_industriale,
  title={La quarta rivoluzione industriale},
  author={klaus Schwab},
  isbn={9788891743008},
  lccn={85019994},
  year={2019},
  publisher={FrancoAngeli}
}

@misc{ted_youtube,
  author = {TED},
  title = {Tim Berners-Lee on the Next Web},
  year = {2009},
  url = {https://www.youtube.com/watch?v=OM6XIICm_qo&ab_channel=TED},
  note = {Accessed: 2023-10-01}
}

@incollection{borroni_blockchain_2019,
  author = {A. Borroni},
  title = {Blockchain: Uses and Potential Value},
  booktitle = {Legal Perspective on Blockchain Theory, Outcomes, and Outlooks},
  editor = {A. Borroni},
  publisher = {Pubblicazioni del Dipartimento di Scienze Politiche Jean Monnet dell’Università degli Studi della Campania Luigi Vanvitelli, ESI},
  year = {2019}
}

@book{rodota_quattro_paradigmi_2018,
  author = {S. Rodotà},
  title = {Quattro paradigmi per l’identità},
  publisher = {Vivere la democrazia},
  address = {Bari},
  year = {2018},
  pages = {20 ss}
}

@article{alpa_identita_digitale_2017,
  author = {G. Alpa},
  title = {L’identità digitale e la tutela della persona. Spunti di riflessione},
  journal = {CONTR. IMPR.},
  year = {2017},
  pages = {725}
}

@misc{de_filippi_interplay_2016,
  author = {P. De Filippi},
  title = {The Interplay Between Decentralization and Privacy: The Case of Blockchain Technologies},
  year = {2016},
  address = {Paris},
  note = {1}
}

@misc{marr_history_blockchain_2018,
  author = {B. Marr},
  title = {A Very Brief History of Blockchain Technology Everyone Should Read},
  year = {2018},
  howpublished = {Forbes},
  url = {https://www.forbes.com/sites/bernardmarr/2018/02/16/a-very-brief-history-of-blockchain-technology-everyone-should-read},
  note = {Accessed: 2023-10-01}
}

@article{zambardino_blockchain_2022,
  author = {F. Zambardino},
  title = {La blockchain nel mercato del lavoro italiano con particolare enfasi sulla questione privacy e il rapporto con il General Data Protection Regulation},
  journal = {TSL},
  year = {2022},
  pages = {23-38}
}

@misc{mayes_privacy_transparency_2018,
  author = {G. R. Mayes},
  title = {Privacy and Transparency},
  year = {2018},
  institution = {Sacramento State University, Department of Philosophy},
  pages = {125-129}
}

@article{bridge_blockchain_2018,
  author = {C. Bridge},
  title = {Blockchain’s Next Frontier: Cloud Computing?},
  journal = {Inv. Mark’t Bus. Res.},
  year = {2018},
  note = {Concettualmente, in particolare, «[c]loud storage allows the user to store data and information online. This serves as a backup in case the data is lost and could be used to secure large amounts of data». Ibid}
}
